<record><leader>00000cas a22000007a 4500</leader><controlfield tag="001">15293896</controlfield><controlfield tag="008">870310d18971965inuwr ne      0    0eng d</controlfield><datafield ind1=" " ind2=" " tag="010"><subfield code="a">sn 87055329 </subfield></datafield><datafield ind1=" " ind2=" " tag="040"><subfield code="a">NPI</subfield><subfield code="b">eng</subfield><subfield code="c">NPI</subfield><subfield code="d">OCLCQ</subfield></datafield><datafield ind1=" " ind2=" " tag="042"><subfield code="a">msc</subfield></datafield><datafield ind1="0" ind2=" " tag="130"><subfield code="a">Denver tribune (Denver, Ind.)</subfield></datafield><datafield ind1="1" ind2="0" tag="245"><subfield code="a">Denver tribune.</subfield></datafield><datafield ind1=" " ind2=" " tag="260"><subfield code="a">Denver, Ind. :</subfield><subfield code="b">Norris &amp; Woolley,</subfield><subfield code="c">1897-1965.</subfield></datafield><datafield ind1=" " ind2=" " tag="310"><subfield code="a">Weekly</subfield></datafield><datafield ind1="0" ind2=" " tag="362"><subfield code="a">Vol. 1, no. 1 (Mar. 25, 1897)-v. 51, no. 20 (Sept. 23, 1965).</subfield></datafield><datafield ind1=" " ind2=" " tag="752"><subfield code="a">United States</subfield><subfield code="b">Indiana</subfield><subfield code="c">Miami</subfield><subfield code="d">Denver.</subfield></datafield><datafield ind1="0" ind2="7" tag="785"><subfield code="t">Peru Republican</subfield><subfield code="w">(DLC)sn 84038000</subfield><subfield code="w">(OCoLC)11172031</subfield></datafield><datafield ind1="0" ind2="7" tag="785"><subfield code="t">Wabash Valley times</subfield><subfield code="w">(DLC)sn 87097008</subfield></datafield></record>